<record><leader>00000cas a22000007a 4500</leader><controlfield tag="001">10874180</controlfield><controlfield tag="008">840622d18561860iauwr ne      0    0eng d</controlfield><datafield ind1=" " ind2=" " tag="010"><subfield code="a">sn 84027102 </subfield></datafield><datafield ind1=" " ind2=" " tag="040"><subfield code="a">NPU</subfield><subfield code="b">eng</subfield><subfield code="c">NPU</subfield><subfield code="d">INP</subfield><subfield code="d">OCLCQ</subfield></datafield><datafield ind1=" " ind2=" " tag="042"><subfield code="a">msc</subfield></datafield><datafield ind1="0" ind2=" " tag="130"><subfield code="a">Iowa citizen (Des Moines, Iowa)</subfield></datafield><datafield ind1="1" ind2="4" tag="245"><subfield code="a">The Iowa citizen.</subfield></datafield><datafield ind1="1" ind2="3" tag="246"><subfield code="a">Iowa weekly citizen</subfield></datafield><datafield ind1=" " ind2=" " tag="250"><subfield code="a">Weekly ed.</subfield></datafield><datafield ind1=" " ind2=" " tag="260"><subfield code="a">Des Moines [Iowa] :</subfield><subfield code="b">J. Teesdale,</subfield><subfield code="c">1858-1860.</subfield></datafield><datafield ind1=" " ind2=" " tag="300"><subfield code="a">2 v. ;</subfield><subfield code="c">71 cm.</subfield></datafield><datafield ind1=" " ind2=" " tag="310"><subfield code="a">Weekly</subfield></datafield><datafield ind1="0" ind2=" " tag="362"><subfield code="a">Vol. 3, no. 46 (Dec. 29, 1858)-v. 4, no. 52 (Feb. 8, 1860) = Whole no. 150-whole no. 208.</subfield></datafield><datafield ind1=" " ind2=" " tag="500"><subfield code="a">Editor: J. Teesdale.</subfield></datafield><datafield ind1=" " ind2=" " tag="752"><subfield code="a">United States</subfield><subfield code="b">Iowa</subfield><subfield code="c">Polk</subfield><subfield code="d">Des Moines.</subfield></datafield><datafield ind1="0" ind2=" " tag="775"><subfield code="t">Daily Iowa state register (Des Moines, Iowa : 1860)</subfield><subfield code="w">(DLC)sn 85049891</subfield></datafield><datafield ind1="0" ind2="0" tag="780"><subfield code="t">Iowa weekly citizen</subfield><subfield code="w">(DLC)sn 85049896</subfield></datafield><datafield ind1="0" ind2="0" tag="785"><subfield code="t">Iowa State register (Des Moines, Iowa : 1860)</subfield><subfield code="w">(DLC)sn 84027111</subfield></datafield><datafield ind1="1" ind2=" " tag="029"><subfield code="a">AU@</subfield><subfield code="b">000025787389</subfield></datafield></record>